@Misc{sergiomonsalve,
  author = 	 {Sergio Andrés Monsalve--Castañeda},
  title = 	 {Titulo del documento},
  howpublished = {\url{http://monsalve.com.co}},
  year = {2013}
},

@Misc{5seg,
	author = {Juan Carlos Camus},
	title={Tienes 5 Segundos}, 
	howpublished = {\url{http://http://www.tienes5segundos.cl}},
	year = {2009}
}
